% INTERVIEWS

@unpublished{sonnezlacloche,
  title={Sonnez la cloche!},
  author={Essl, Karlheinz and Ertlbauer, Alice},
  institution={Österreichischer Rundfunk},
  year={2003}%,
%  url={http://www.essl.at/bibliogr/essl-ertlbauer.html}
}

@inbook{improvisationimprovisation,
  title={Musik-Wissenschaft an ihren Grenzen},
  author={Essl, Karlheinz and Hauser, Jack},
  pages={507-516},
  year={2004},
  publisher={Peter Lang}%,
%  url={http://www.essl.at/bibliogr/improvisation.html}
}

@unpublished{generativemusic,
  title={Generative Music},
  author={Essl, Karlheinz},
  note={questionnaire de Håkon Normann},
  year={2002}%,
%  url={http://www.essl.at/bibliogr/generative-music.html}
}

@unpublished{komponierenimcyberspace,
  title={Komponieren im Cyberspace},
  author={Essl, Karlheinz and Abele, Hanns},
%  note={},
  institution={Internet-Radio AIR},
  year={1998}%,
%  url={http://www.essl.at/bibliogr/essl-abele.html}
}

@unpublished{amazingmaze,
  title={Amazing maze},
  author={Essl, Karlheinz and Kager, Reinhard},
  institution={Österreichischer Rundfunk},
  year={1997}%,
%  url={http://www.essl.at/bibliogr/essl-kager.html}
}

@unpublished{zeitton,
  title={Radioportrait Karlheinz Essl},
  author={Essl, Karlheinz and Knessl, Lothar},
  institution={Österreichischer Rundfunk},
  year={1994},
  note={émission Zeit-Ton}%,
%  url={http://www.essl.at/bibliogr/essl-knessl.html}
}

@inbook{diemusik,
  booktitle={ANKLAENGE 2010},
  title={Gibt es sie noch: "die" Musik?},
  author={Essl, Karlheinz and Kapp, Reinhard},
  year={2011},
  publisher={Mille Tre Verlag}%,
%  url={http://www.essl.at/bibliogr/essl-kapp.html}
}

@mastersthesis{stefangfeller,
  author={Essl, Karlheinz and Gfeller, Stefan},
  title={Algorithmische Komposition und Live-Elektronik},
  school={Hochschule der Künste Bern},
  year={2010}%,
%  url={http://www.essl.at/bibliogr/essl-gfeller.html}
}

@unpublished{amazing,
  title={A-m\@ze-ing},
  author={Essl, Karlheinz and Planton, Esther and Lexer, Andrea},
  institution={Alpe-Adria-Universität Klagenfurt},
  year={2009},
  note={Campus Musik}%,
%  url={http://www.essl.at/bibliogr/essl-planton_lexer.html}
}

@article{erfahrungen,
  title={Erfahrungen mit Elektronischer Musik},
  author={Essl, Karlheinz and Piswanger, Carl-Marcus},
  journal={Monitor},
  month={dec},
  year={2008}%,
%  url={http://www.essl.at/bibliogr/essl-piswanger.html}
}

@article{netmusic,
  title={NET MUSIC},
  author={Essl, Karlheinz and Föllmer, Golo},
  journal={Neue Zeitschrift für Musik},
  volume={5},
  year={2004}%,
%  url={http://www.essl.at/bibliogr/essl-foellmer.html}
}

@unpublished{imschaffen,
  title={Algorithmische Komposition im Schaffen Karlheinz Essls},
  author={Essl, Karlheinz and Schreiber, Eileen},
  year={2012}%,
%  url={http://www.essl.at/bibliogr/essl-schreiber_algoComp.html}
}

@unpublished{meininstrument,
  title={Mein Instrument ist der Computer},
  author={Essl, Karlheinz and Ranacher, Ruth},
  year={2015}%,
%  url={http://www.essl.at/bibliogr/essl-ranacher.html}
}

@unpublished{composingwithalgorithms,
  title={Composing with Algorithms},
  author={Essl, Karlheinz and Halay, Magdalena},
  year={2015}%,
%  url={http://www.essl.at/bibliogr/essl-halay.html}
}

@inbook{wagnerintranslation,
  booktitle={Performing Translation. Schnittstellen zwischen Kunst, Pädagogik und Wissenschaft},
  title={Wagner in Translation},
  author={Essl, Karlheinz and Huber, Annegret},
  year={2014},
  pages={238-251},
  publisher={Löcker Verlag}%,
%  url={http://www.essl.at/bibliogr/essl-kapp.html}
}

@unpublished{outoftheblue,
  title={OUT OF THE BLUE},
  author={Essl, Karlheinz and Rauscher, Wolfgang},
  year={2011}%,
%  url={http://www.essl.at/bibliogr/rauscher-OOTB.html}
}

@unpublished{live,
  title={Live? Über das Verhältnis von Komposition und Live-Performance},
  author={Essl, Karlheinz and Schaffrick, Tim},
  year={2004}%,
%  url={http://www.essl.at/bibliogr/essl-schaffrick.html}
}

@unpublished{toypiano,
  title={Faszination Toy Piano},
  author={Essl, Karlheinz and Wagner, Christoph},
  year={2014}%,
%  url={http://www.essl.at/bibliogr/essl-wagner_toypiano.html}
}

@unpublished{omniainomnibus,
  title={OMNIA IN OMNIBUS: Behind the Scenes},
  author={Essl, Karlheinz and Hötzenecker, Katharina},
  year={2016}%,
%  url={http://www.essl.at/bibliogr/essl-hoetzenecker.html}
}

@inbook{pagano,
  booktitle={Experimentieren - improvisieren - zuhören. Ursprung, Entwicklung und Theorien der heutigen experimentellen elektronischen Musik sowie Beweggründe und Gedanken in Wien tätiger Musikschaffender},
  title={Elektronische Musik und Emotion},
  author={Essl, Karlheinz and Pagano, Elisabetta},
  year={2009},
  publisher={Südwestdeutscher Verlag für Hochschulschriften}%,
%  url={http://www.essl.at/bibliogr/essl-pagano.html}
}



% WRITINGS OF 

@inbook{systemtheoriedarmstadt,
  booktitle={Darmstädter Beiträge zur Neuen Musik},
  title={Klangkomposition und Systemtheorie},
  author={Essl, Karlheinz},
  year={1994},
  volume={XX},
  publisher={Südwestdeutscher Verlag für Hochschulschriften}%,
%  url={http://www.essl.at/bibliogr/klangkomp.html}
}

@article{cac,
  title={Computer Aided Composition},
  author={Essl, Karlheinz},
  journal={Distel},
  volume={46/47},
  year={1991}%,
%  url={http://www.essl.at/bibliogr/cac.html}
}


@article{radikalenkonstruktivismus,
  title={Kompositorische Konsequenzen des Radikalen Konstruktivismus},
  author={Essl, Karlheinz},
  journal={Positionen. Beiträge zur neuen Musik},
  volume={11},
  year={1992},
  pages={2-4}%,
%  url={http://www.essl.at/bibliogr/rad-konstr.html}
}

@unpublished{newmaterial,
  title={New Aspects of Musical Material},
  author={Essl, Karlheinz},
  note={leçon donnée aux Darmstädter Ferienkurse für Neue Musik},
  year={1992}%,
%  url={http://www.essl.at/bibliogr/material.html}
}

@inproceedings{wieentsteht,
  booktitle={Bericht des Bruckner-Symposion 1995 - "Zum Schaffensprozeß in den Künsten"},
  title={Wie entsteht ein Komposition?},
  author={Essl, Karlheinz},
  year={1997},
  publisher={Anton Bruckner Institut Linz}%,
%  url={http://www.essl.at/bibliogr/wie-entsteht.html}
}

@inproceedings{changingsociety,
  booktitle={International musicological symposion Austria},
  title={Composing in a Changing Society},
  author={Essl, Karlheinz},
  year={1996}%,
%  url={http://www.essl.at/bibliogr/composing.html}
}

@article{plaedoyer,
  title={Plädoyer für "Das Offene Kunstwerk"},
  author={Essl, Karlheinz},
  journal={Positionen. Beiträge zur neuen Musik},
  volume={26},
  year={1996},
  pages={56-59}%,
%  url={http://www.essl.at/bibliogr/ok.html}
}

@article{strukturgeneratoren,
  title={Strukturgeneratoren --- Algorithmische Komposition in Echtzeit},
  author={Essl, Karlheinz},
  journal={Beiträge zur Elektronischen Musik},
  volume={5},
  year={1996},
  publisher={Institut für Elektronische Musik und Akustik der Universität für Musik und darstellende Kunst in Graz}%,
%  url={http://www.essl.at/bibliogr/struktgen.html}
}

@article{musikdiesseits,
  title={Realtime Composition: Musik diesseits der Schrift},
  author={Essl, Karlheinz and Günther, Bernhard},
  journal={Positionen. Beiträge zur neuen Musik},
  volume={36},
  year={1998},
  pages={4-9}%,
%  url={http://www.essl.at/bibliogr/realtime-comp.html}
}

@inproceedings{cyberspace,
  booktitle={Kultur als Kompetenz. Neue Technologien, Kultur \& Beschäftigung},
  title={Komponieren im Cyberspace},
  author={Essl, Karlheinz},
  year={1998}%,
%  url={http://www.essl.at/bibliogr/cyberkomp.html}
}

@unpublished{improvisationcomputers,
  title={Improvisation with Computers},
  author={Essl, Karlheinz},
  note={questionnaire de Thomas Peter},
  year={2006}%,
%  url={http://www.essl.at/bibliogr/computer-improv.html}
}

@article{essl2007algorithmic,
  title={Algorithmic composition},
  author={Essl, Karlheinz},
  journal={Cambridge Companion to Electronic Music. Cambridge University Press, Cambridge},
  year={2007}
}
  

% ŒUVRES

@misc{essl2010rtc,
  title={RTC-lib 5.0, for Mac OSX, Max 5},
  author={Essl, Karlheinz},
  year={2010}
}

@inproceedings{lexikonicma,
  booktitle={Communications of the ICMA},
  title={Lexikon-Sonate: An Interactive Realtime Composition for Computer-Controlled Piano},
  author={Essl, Karlheinz},
  volume={16},
  year={1996}%,
%  url={http://www.essl.at/bibliogr/lexson-sbcm.html}
}

@inproceedings{lexikonton,
  booktitle={ton-gemisch. darmstadt-lectures},
  title={Lexikon-Sonate},
  author={Essl, Karlheinz},
  year={1994},
  publisher={Lothar Knessl}%,
%  url={http://www.essl.at/bibliogr/lexson-ton.html}
}

@inproceedings{lexikonmetamorphosen,
  booktitle={Conference Softmoderne - Literatur im Netz},
  title={Lexikalische Metamorphosen},
  author={Essl, Karlheinz},
  year={1998}%,
%  url={http://www.essl.at/bibliogr/lexmeta.html}
}






