@article{moles1970art,
  title={Art et ordinateur},
  author={Moles, Abraham},
  journal={Communication et langages},
  volume={7},
  number={1},
  pages={24--33},
  year={1970},
  publisher={Armand Colin}
}

@book{hiller1979experimental,
  title={Experimental Music; Composition with an electronic computer},
  author={Hiller, Lejaren Arthur et Isaacson, Leonard M},
  year={1979},
  publisher={Greenwood Publishing Group Inc.}
}

@article{xenakis1981musiques,
  title={Musiques Formelles Nouveaux Principes Formels de Composition Musicale},
  author={Xenakis, Iannis},
  year={1981}
}

@book{cope2000algorithmic,
  title={The algorithmic composer},
  author={Cope, David},
  volume={16},
  year={2000},
  publisher={AR Editions, Inc.}
}

@book{donin2013theories,
  title={Th{\'e}ories de la composition musicale au XXe si{\`e}cle},
  author={Donin, Nicolas et Feneyrou, Laurent et Aimard, Pierre-Laurent},
  volume={1},
  year={2013},
  publisher={Sym{\'e}trie}
}

@book{eco1962opera,
  title={Opera aperta: Forma e indeterminazione nelle poetiche contemparanee},
  author={Eco, Umberto},
  volume={3},
  year={1962},
  publisher={Tascabili Bompiani}
}

@article{adorno1949philosophie,
  title={Philosophie der neuen Musik},
  author={Adorno, Theodor W},
  year={1949}
}

@book{kuhn2012structure,
  title={The structure of scientific revolutions},
  author={Kuhn, Thomas S},
  year={2012},
  publisher={University of Chicago press}
}

@book{wittgenstein2014recherches,
  title={Recherches philosophiques},
  author={Wittgenstein, Ludwig},
  year={2014},
  publisher={Editions Gallimard}
}

@book{collins2010introduction,
  title={Introduction to computer music},
  author={Collins, Nick},
  year={2010},
  publisher={John Wiley \& Sons}
}

@book{schillinger1946schillinger,
  title={The Schillinger system of musical composition},
  author={Schillinger, Joseph},
  year={1946},
  publisher={C. Fischer, inc}
}

@misc{karl1981quete,
  title={La qu{\^e}te inachev{\'e}e},
  author={Karl, Popper},
  year={1981},
  publisher={Paris, Calmann-L{\'e}vy}
}

@book{daston2004things,
  title={Things that talk: Object lessons from art and science},
  author={Daston, Lorraine},
  year={2004},
  publisher={MIT Press}
}

@book{daston2010objectivity,
  title={Objectivity},
  author={Daston, Lorraine et Galison, Peter},
  year={2010},
  publisher={Zone books}
}

@book{couchot2003art,
  title={L'art num{\'e}rique},
  author={Couchot, Edmond et Hillaire, Norbert},
  year={2003},
  publisher={Flammarion}
}

@book{cauquelin2010theories,
  title={Les th{\'e}ories de l'art~: «~Que sais-je?~» n. 3353},
  author={Cauquelin, Anne},
  year={2010},
  publisher={Presses universitaires de France}
}

@book{lacoste2010philosophie,
  title={La philosophie de l'art~: «~Que sais-je?~» n. 1887},
  author={Lacoste, Jean},
  year={2010},
  publisher={Presses universitaires de France}
}

@book{breton1987histoire,
  title={Histoire de l'informatique},
  author={Breton, Philippe},
  year={1987},
  publisher={La d{\'e}couverte Paris}
}

@misc{jamie1997musique,
  title={La Musique des sph{\`e}res},
  author={Jamie, James},
  year={1997},
  publisher={Editions du Rocher}
}

@book{assayag2009new,
  title={New computational paradigms for computer music},
  author={Assayag, G{\'e}rard et Gerzso, Andrew},
  volume={17},
  year={2009},
  publisher={Delatour}
}

@misc{appleton1986composers,
  title={Composers and the Computer},
  author={Appleton, Jon et Roads, Curtis et Strawn, John},
  year={1986},
  publisher={JSTOR}
}

@book{miller2014colliding,
  title={Colliding worlds: how cutting-edge science is redefining contemporary art},
  author={Miller, Arthur I},
  year={2014},
  publisher={WW Norton \& Company}
}

@book{manoury2012musique,
  title={La musique du temps r{\'e}el: entretiens avec Omer Corlaix et Jean-Guillaume Lebrun},
  author={Manoury, Philippe et Corlaix, Omer et Lebrun, Jean-Guillaume},
  year={2012},
  publisher={Editions MF}
}

@book{wodon2014histoire,
  title={Histoire de la musique,
  author={Wodon, Bernard},
  year={2014},
  publisher={Larousse}
}

@book{wilson2012artscience,
  title={Art+Science Now,
  author={Wilson, Stephen},
  year={2012},
  publisher={Thames \&~Hudson}
}
